<record><leader>00000cas a22000007a 4500</leader><controlfield tag="001">9752918</controlfield><controlfield tag="008">830729d18331834ohuwr ne      0    0eng d</controlfield><datafield ind1=" " ind2=" " tag="010"><subfield code="a">sn 83035365 </subfield></datafield><datafield ind1=" " ind2=" " tag="040"><subfield code="a">NPY</subfield><subfield code="b">eng</subfield><subfield code="c">NPY</subfield><subfield code="d">DLC</subfield><subfield code="d">ONP</subfield><subfield code="d">OCLCQ</subfield><subfield code="d">DLC</subfield></datafield><datafield ind1=" " ind2=" " tag="042"><subfield code="a">msc</subfield></datafield><datafield ind1="0" ind2="0" tag="050"><subfield code="a">Newspaper 9214-X</subfield></datafield><datafield ind1="0" ind2=" " tag="130"><subfield code="a">Carrollton gazette (Carrollton, Ohio)</subfield></datafield><datafield ind1="1" ind2="0" tag="245"><subfield code="a">Carrollton gazette.</subfield></datafield><datafield ind1=" " ind2=" " tag="260"><subfield code="a">Carrollton, Ohio :</subfield><subfield code="b">J.D. Patton,</subfield><subfield code="c">-1834.</subfield></datafield><datafield ind1=" " ind2=" " tag="300"><subfield code="a">v. ;</subfield><subfield code="c">50-53 cm.</subfield></datafield><datafield ind1=" " ind2=" " tag="310"><subfield code="a">Weekly</subfield></datafield><datafield ind1="1" ind2=" " tag="362"><subfield code="a">Began in Jan. 1833?</subfield></datafield><datafield ind1="0" ind2=" " tag="362"><subfield code="a">-Sept. 6, 1834.</subfield></datafield><datafield ind1=" " ind2=" " tag="515"><subfield code="a">&lt;Aug. 23&gt;-Sept. 6, 1834 carry no volume or numbering designation.</subfield></datafield><datafield ind1=" " ind2=" " tag="515"><subfield code="a">Issues for &lt;Dec. 14, 1833&gt; also called whole no. &lt;63&gt;.</subfield></datafield><datafield ind1=" " ind2=" " tag="588"><subfield code="a">Description based on: Vol. 1, no. 21 (Jan. 26, 1833).</subfield></datafield><datafield ind1="1" ind2=" " tag="700"><subfield code="a">Patton, J. D.</subfield></datafield><datafield ind1=" " ind2=" " tag="752"><subfield code="a">United States</subfield><subfield code="b">Ohio</subfield><subfield code="c">Carroll</subfield><subfield code="d">Carrollton.</subfield></datafield><datafield ind1="0" ind2="0" tag="780"><subfield code="t">Centreville recorder</subfield><subfield code="w">(DLC)sn 83035364</subfield></datafield><datafield ind1="0" ind2="0" tag="785"><subfield code="t">Carroll free press (Carrollton, Ohio : 1834)</subfield><subfield code="x">2376-0362</subfield><subfield code="w">(DLC)sn 83035366</subfield><subfield code="w">(OCoLC)9752963</subfield></datafield></record>